<record><leader>00000cas a2200000 a 4500</leader><controlfield tag="001">13362645</controlfield><controlfield tag="008">860331d18721916nyuwr ne      0    0eng c</controlfield><datafield ind1=" " ind2=" " tag="010"><subfield code="a">sn 86053230 </subfield></datafield><datafield ind1=" " ind2=" " tag="040"><subfield code="a">NPX</subfield><subfield code="b">eng</subfield><subfield code="c">NPX</subfield><subfield code="d">NYS</subfield><subfield code="d">ONP</subfield><subfield code="d">NYS</subfield><subfield code="d">MGN</subfield><subfield code="d">NYS</subfield><subfield code="d">OCLCQ</subfield><subfield code="d">OCLCF</subfield><subfield code="d">OCLCO</subfield></datafield><datafield ind1="1" ind2=" " tag="029"><subfield code="a">AU@</subfield><subfield code="b">000021432146</subfield></datafield><datafield ind1=" " ind2=" " tag="042"><subfield code="a">pcc</subfield></datafield><datafield ind1=" " ind2=" " tag="043"><subfield code="a">n-us-ny</subfield></datafield><datafield ind1="0" ind2="0" tag="245"><subfield code="a">Utica weekly observer.</subfield></datafield><datafield ind1="1" ind2="3" tag="246"><subfield code="a">Utica observer</subfield></datafield><datafield ind1=" " ind2=" " tag="260"><subfield code="a">Utica, N.Y. :</subfield><subfield code="b">Grove &amp; Bailey</subfield></datafield><datafield ind1=" " ind2=" " tag="300"><subfield code="a">v.</subfield></datafield><datafield ind1=" " ind2=" " tag="310"><subfield code="a">Weekly</subfield></datafield><datafield ind1="0" ind2=" " tag="362"><subfield code="a">56th year, no. 27 (Jan. 4, 1872)-</subfield></datafield><datafield ind1="1" ind2=" " tag="362"><subfield code="a">Ceased in 1916?</subfield></datafield><datafield ind1=" " ind2=" " tag="580"><subfield code="a">Daily eds.: Utica daily observer, &lt;1874&gt;-1884; Utica observer (Utica, N.Y. : 1884), 1884-</subfield></datafield><datafield ind1=" " ind2=" " tag="588"><subfield code="a">Latest issue consulted: Supplement No. 7 (Sept. 21, 1882).</subfield></datafield><datafield ind1=" " ind2="0" tag="651"><subfield code="a">Utica (N.Y.)</subfield><subfield code="v">Newspapers.</subfield></datafield><datafield ind1=" " ind2="7" tag="655"><subfield code="a">Newspapers.</subfield><subfield code="2">fast</subfield><subfield code="0">(OCoLC)fst01423814</subfield></datafield><datafield ind1=" " ind2="7" tag="651"><subfield code="a">New York (State)</subfield><subfield code="z">Utica.</subfield><subfield code="2">fast</subfield><subfield code="0">(OCoLC)fst01207805</subfield></datafield><datafield ind1=" " ind2=" " tag="752"><subfield code="a">United States</subfield><subfield code="b">New York</subfield><subfield code="c">Oneida</subfield><subfield code="d">Utica.</subfield></datafield><datafield ind1="1" ind2=" " tag="775"><subfield code="t">Utica daily observer</subfield><subfield code="w">(DLC)sn 83031899</subfield></datafield><datafield ind1="1" ind2=" " tag="775"><subfield code="t">Utica observer (Utica, N.Y. : 1884)</subfield><subfield code="w">(DLC)sn 84035656</subfield></datafield><datafield ind1="0" ind2="0" tag="780"><subfield code="t">Observer and Democrat</subfield><subfield code="w">(DLC)sn 88074249</subfield><subfield code="w">(OCoLC)18220275</subfield></datafield></record>